<collection xmlns="http://www.loc.gov/MARC21/slim">
   <record>
      <leader>02193cam a2200433 i 4500</leader>
      <controlfield tag="001">6815337</controlfield>
      <controlfield tag="003">OCoLC</controlfield>
      <controlfield tag="005">20150211084239.0</controlfield>
      <controlfield tag="008">140929s2015    ne       b    001 0 eng  </controlfield>
      <datafield ind1=" " ind2=" " tag="010">
         <subfield code="a">  2014037772</subfield>
      </datafield>
      <datafield ind1=" " ind2=" " tag="020">
         <subfield code="a">9789004266728</subfield>
         <subfield code="q">hardback</subfield>
      </datafield>
      <datafield ind1=" " ind2=" " tag="020">
         <subfield code="a">9004266720</subfield>
         <subfield code="q">hardback</subfield>
      </datafield>
      <datafield ind1=" " ind2=" " tag="020">
         <subfield code="z">9789004266735</subfield>
         <subfield code="q">electronic bk.</subfield>
      </datafield>
      <datafield ind1=" " ind2=" " tag="035">
         <subfield code="a">ocn900394567</subfield>
      </datafield>
      <datafield ind1=" " ind2=" " tag="040">
         <subfield code="a">DLC</subfield>
         <subfield code="e">rda</subfield>
         <subfield code="b">eng</subfield>
         <subfield code="c">DLC</subfield>
         <subfield code="d">YDX</subfield>
         <subfield code="d">YDXCP</subfield>
         <subfield code="d">BTCTA</subfield>
         <subfield code="d">ERASA</subfield>
         <subfield code="d">OCLCO</subfield>
         <subfield code="d">OCLCF</subfield>
         <subfield code="d">UAB</subfield>
         <subfield code="d">AEU</subfield>
      </datafield>
      <datafield ind1=" " ind2=" " tag="042">
         <subfield code="a">pcc</subfield>
      </datafield>
      <datafield ind1="0" ind2="0" tag="050">
         <subfield code="a">P301.5.I53</subfield>
         <subfield code="b">E45 2015</subfield>
      </datafield>
      <datafield ind1="0" ind2="0" tag="082">
         <subfield code="a">401/.43</subfield>
         <subfield code="2">23</subfield>
      </datafield>
      <datafield ind1=" " ind2=" " tag="090">
         <subfield code="a">P 301.5 I53 E45 2015</subfield>
         <subfield code="b">AEU</subfield>
      </datafield>
      <datafield ind1="1" ind2=" " tag="100">
         <subfield code="a">Eckardt, Regine,</subfield>
         <subfield code="e">author.</subfield>
         <subfield code="0">http://id.loc.gov/authorities/names/no98093803</subfield>
         <subfield code="0">http://viaf.org/viaf/24839630</subfield>
      </datafield>
      <datafield ind1="1" ind2="4" tag="245">
         <subfield code="a">The semantics of free indirect discourse :</subfield>
         <subfield code="b">how texts allow us to mind-read and eavesdrop /</subfield>
         <subfield code="c">by Regine Eckardt.</subfield>
      </datafield>
      <datafield ind1=" " ind2="1" tag="264">
         <subfield code="a">Leiden, the Netherlands ;</subfield>
         <subfield code="a">Boston :</subfield>
         <subfield code="b">Brill,</subfield>
         <subfield code="c">[2015]</subfield>
      </datafield>
      <datafield ind1=" " ind2=" " tag="300">
         <subfield code="a">xi, 283 pages ;</subfield>
         <subfield code="c">25 cm.</subfield>
      </datafield>
      <datafield ind1=" " ind2=" " tag="336">
         <subfield code="a">text</subfield>
         <subfield code="2">rdacontent</subfield>
         <subfield code="0">http://id.loc.gov/vocabulary/contentTypes/txt</subfield>
      </datafield>
      <datafield ind1=" " ind2=" " tag="337">
         <subfield code="a">unmediated</subfield>
         <subfield code="2">rdamedia</subfield>
         <subfield code="0">http://id.loc.gov/vocabulary/mediaTypes/n</subfield>
      </datafield>
      <datafield ind1=" " ind2=" " tag="338">
         <subfield code="a">volume</subfield>
         <subfield code="2">rdacarrier</subfield>
         <subfield code="0">http://id.loc.gov/vocabulary/carriers/nc</subfield>
      </datafield>
      <datafield ind1="1" ind2=" " tag="490">
         <subfield code="a">Current research in the semantics/pragmatics interface,</subfield>
         <subfield code="x">1472-7870 ;</subfield>
         <subfield code="v">Volume 31</subfield>
      </datafield>
      <datafield ind1=" " ind2=" " tag="504">
         <subfield code="a">Includes bibliographical references and index.</subfield>
      </datafield>
      <datafield ind1=" " ind2=" " tag="596">
         <subfield code="a">43</subfield>
      </datafield>
      <datafield ind1=" " ind2="0" tag="650">
         <subfield code="a">Grammar, Comparative and general</subfield>
         <subfield code="x">Indirect discourse.</subfield>
         <subfield code="0">http://id.loc.gov/authorities/subjects/sh86001065</subfield>
      </datafield>
      <datafield ind1=" " ind2="0" tag="650">
         <subfield code="a">Semantics, Comparative.</subfield>
         <subfield code="0">http://id.loc.gov/authorities/subjects/sh85119874</subfield>
      </datafield>
      <datafield ind1=" " ind2="0" tag="650">
         <subfield code="a">Grammar, Comparative and general</subfield>
         <subfield code="x">Verb phrase.</subfield>
         <subfield code="0">http://id.loc.gov/authorities/subjects/sh85056345</subfield>
      </datafield>
      <datafield ind1=" " ind2="0" tag="650">
         <subfield code="a">Cognitive grammar.</subfield>
         <subfield code="0">http://id.loc.gov/authorities/subjects/sh86004349</subfield>
      </datafield>
      <datafield ind1=" " ind2="0" tag="650">
         <subfield code="a">Psycholinguistics.</subfield>
         <subfield code="0">http://id.loc.gov/authorities/subjects/sh85108432</subfield>
      </datafield>
      <datafield ind1=" " ind2=" " tag="758">
         <subfield code="0">http://worldcat.org/entity/work/id/350210586</subfield>
      </datafield>
      <datafield ind1="0" ind2=" " tag="787">
         <subfield code="n">OCLC Work Id</subfield>
         <subfield code="o">http://worldcat.org/entity/work/id/350210586</subfield>
      </datafield>
      <datafield ind1=" " ind2="0" tag="830">
         <subfield code="a">Current research in the semantics/pragmatics interface ;</subfield>
         <subfield code="v">v. 31.</subfield>
      </datafield>
      <datafield ind1=" " ind2=" " tag="949">
         <subfield code="a">P 301.5 I53 E45 2015</subfield>
         <subfield code="h">UAHS-B</subfield>
         <subfield code="i">0162035248010</subfield>
      </datafield>
      <datafield ind1=" " ind2=" " tag="926">
         <subfield code="a">P 301.5 I53 E45 2015</subfield>
         <subfield code="w">LC</subfield>
         <subfield code="c">1</subfield>
         <subfield code="i">0162035248010</subfield>
         <subfield code="l">ON_SHELF</subfield>
         <subfield code="m">UAHSS</subfield>
         <subfield code="p">$150.00</subfield>
         <subfield code="r">Y</subfield>
         <subfield code="s">Y</subfield>
         <subfield code="t">BOOK</subfield>
         <subfield code="u">3/4/2015</subfield>
      </datafield>
   </record>
</collection>
